<marcxml:record xmlns:xlink="http://www.w3.org/1999/xlink" xmlns:marcxml="http://www.loc.gov/MARC21/slim" xmlns:rdf="http://www.w3.org/1999/02/22-rdf-syntax-ns#" xmlns:madsrdf="http://www.loc.gov/mads/rdf/v1#" xmlns:ri="http://id.loc.gov/ontologies/RecordInfo#" xmlns:xsi="http://www.w3.org/2001/XMLSchema-instance" xmlns:mets="http://www.loc.gov/METS/" xmlns:idx="info:lc/xq-modules/lcindex" xmlns:bfidx="info:lc/xq-modules/bfidx" xmlns:semtriples="http://marklogic.com/semantic" xmlns:bf="http://id.loc.gov/ontologies/bibframe/" xmlns:bflc="http://id.loc.gov/ontologies/bflc/" xmlns:bfsimple="http://id.loc.gov/ontologies/bfsimple/" xmlns:dcterms="http://purl.org/dc/terms/">
  <marcxml:leader>01767cam a2200397 i 4500</marcxml:leader>
  <marcxml:controlfield tag="001">21595706</marcxml:controlfield>
  <marcxml:controlfield tag="005">20210602104623.0</marcxml:controlfield>
  <marcxml:controlfield tag="008">200629s2021    nyua   j b6   001 0 eng  </marcxml:controlfield>
  <marcxml:datafield ind1=" " ind2=" " tag="906">
    <marcxml:subfield code="a">7</marcxml:subfield>
    <marcxml:subfield code="b">cbc</marcxml:subfield>
    <marcxml:subfield code="c">orignew</marcxml:subfield>
    <marcxml:subfield code="d">1</marcxml:subfield>
    <marcxml:subfield code="e">ecip</marcxml:subfield>
    <marcxml:subfield code="f">20</marcxml:subfield>
    <marcxml:subfield code="g">y-gencatlg</marcxml:subfield>
  </marcxml:datafield>
  <marcxml:datafield ind1="0" ind2=" " tag="925">
    <marcxml:subfield code="a">acquire</marcxml:subfield>
    <marcxml:subfield code="b">1 shelf copy</marcxml:subfield>
    <marcxml:subfield code="x">policy default</marcxml:subfield>
  </marcxml:datafield>
  <marcxml:datafield ind1=" " ind2=" " tag="955">
    <marcxml:subfield code="b">rm06 2020-06-29</marcxml:subfield>
    <marcxml:subfield code="i">rm06 2020-06-29 to Dewey (TW Situational)</marcxml:subfield>
    <marcxml:subfield code="w">xm07 2020-07-01 (TW situational)</marcxml:subfield>
    <marcxml:subfield code="a">xn11 2021-05-18 1 copy rec'd., to CIP ver.</marcxml:subfield>
    <marcxml:subfield code="f">rm08 2021-06-02 to PresSrvs (TW Situational)</marcxml:subfield>
  </marcxml:datafield>
  <marcxml:datafield ind1=" " ind2=" " tag="010">
    <marcxml:subfield code="a">  2020027905</marcxml:subfield>
  </marcxml:datafield>
  <marcxml:datafield ind1=" " ind2=" " tag="020">
    <marcxml:subfield code="a">9781984893147</marcxml:subfield>
    <marcxml:subfield code="q">(paperback)</marcxml:subfield>
  </marcxml:datafield>
  <marcxml:datafield ind1=" " ind2=" " tag="020">
    <marcxml:subfield code="a">9780593125311</marcxml:subfield>
    <marcxml:subfield code="q">(trade)</marcxml:subfield>
  </marcxml:datafield>
  <marcxml:datafield ind1=" " ind2=" " tag="020">
    <marcxml:subfield code="a">9781984893154</marcxml:subfield>
    <marcxml:subfield code="q">(library binding)</marcxml:subfield>
  </marcxml:datafield>
  <marcxml:datafield ind1=" " ind2=" " tag="020">
    <marcxml:subfield code="z">9781984893161</marcxml:subfield>
    <marcxml:subfield code="q">(ebook)</marcxml:subfield>
  </marcxml:datafield>
  <marcxml:datafield ind1=" " ind2=" " tag="040">
    <marcxml:subfield code="a">DLC</marcxml:subfield>
    <marcxml:subfield code="b">eng</marcxml:subfield>
    <marcxml:subfield code="c">DLC</marcxml:subfield>
    <marcxml:subfield code="e">rda</marcxml:subfield>
    <marcxml:subfield code="d">DLC</marcxml:subfield>
  </marcxml:datafield>
  <marcxml:datafield ind1=" " ind2=" " tag="042">
    <marcxml:subfield code="a">pcc</marcxml:subfield>
  </marcxml:datafield>
  <marcxml:datafield ind1="0" ind2="0" tag="050">
    <marcxml:subfield code="a">HQ53</marcxml:subfield>
    <marcxml:subfield code="b">.M63 2020</marcxml:subfield>
  </marcxml:datafield>
  <marcxml:datafield ind1="0" ind2="0" tag="082">
    <marcxml:subfield code="a">306.7</marcxml:subfield>
    <marcxml:subfield code="2">23</marcxml:subfield>
  </marcxml:datafield>
  <marcxml:datafield ind1="1" ind2=" " tag="100">
    <marcxml:subfield code="a">Moen, Erika,</marcxml:subfield>
    <marcxml:subfield code="d">1983-</marcxml:subfield>
    <marcxml:subfield code="e">author.</marcxml:subfield>
  </marcxml:datafield>
  <marcxml:datafield ind1="1" ind2="0" tag="245">
    <marcxml:subfield code="a">Let's talk about it :</marcxml:subfield>
    <marcxml:subfield code="b">the teen's guide to sex, relationships, and being a human /</marcxml:subfield>
    <marcxml:subfield code="c">Erika Moen, Matthew Nolan, Layout assistance by Maria Frantz.</marcxml:subfield>
  </marcxml:datafield>
  <marcxml:datafield ind1=" " ind2=" " tag="250">
    <marcxml:subfield code="a">First edition.</marcxml:subfield>
  </marcxml:datafield>
  <marcxml:datafield ind1=" " ind2="1" tag="264">
    <marcxml:subfield code="a">New York :</marcxml:subfield>
    <marcxml:subfield code="b">Random House Graphic,</marcxml:subfield>
    <marcxml:subfield code="c">[2021]</marcxml:subfield>
  </marcxml:datafield>
  <marcxml:datafield ind1=" " ind2=" " tag="300">
    <marcxml:subfield code="a">233 pages :</marcxml:subfield>
    <marcxml:subfield code="b">color illustrations ;</marcxml:subfield>
    <marcxml:subfield code="c">22 cm</marcxml:subfield>
  </marcxml:datafield>
  <marcxml:datafield ind1=" " ind2=" " tag="336">
    <marcxml:subfield code="a">text</marcxml:subfield>
    <marcxml:subfield code="b">txt</marcxml:subfield>
    <marcxml:subfield code="2">rdacontent</marcxml:subfield>
  </marcxml:datafield>
  <marcxml:datafield ind1=" " ind2=" " tag="337">
    <marcxml:subfield code="a">unmediated</marcxml:subfield>
    <marcxml:subfield code="b">n</marcxml:subfield>
    <marcxml:subfield code="2">rdamedia</marcxml:subfield>
  </marcxml:datafield>
  <marcxml:datafield ind1=" " ind2=" " tag="338">
    <marcxml:subfield code="a">volume</marcxml:subfield>
    <marcxml:subfield code="b">nc</marcxml:subfield>
    <marcxml:subfield code="2">rdacarrier</marcxml:subfield>
  </marcxml:datafield>
  <marcxml:datafield ind1=" " ind2=" " tag="504">
    <marcxml:subfield code="a">Includes bibliographical references and index.</marcxml:subfield>
  </marcxml:datafield>
  <marcxml:datafield ind1=" " ind2=" " tag="520">
    <marcxml:subfield code="a">"A graphic novel about sex, sexuality, gender, body, consent, and many other topics for teens"--</marcxml:subfield>
    <marcxml:subfield code="c">Provided by publisher.</marcxml:subfield>
  </marcxml:datafield>
  <marcxml:datafield ind1=" " ind2=" " tag="521">
    <marcxml:subfield code="a">Ages 14+</marcxml:subfield>
    <marcxml:subfield code="b">Random House Graphic.</marcxml:subfield>
  </marcxml:datafield>
  <marcxml:datafield ind1=" " ind2=" " tag="521">
    <marcxml:subfield code="a">Grades 10-12</marcxml:subfield>
    <marcxml:subfield code="b">Random House Graphic.</marcxml:subfield>
  </marcxml:datafield>
  <marcxml:datafield ind1=" " ind2="0" tag="650">
    <marcxml:subfield code="a">Sex instruction for children</marcxml:subfield>
    <marcxml:subfield code="v">Comic books, strips, etc.</marcxml:subfield>
  </marcxml:datafield>
  <marcxml:datafield ind1=" " ind2="0" tag="650">
    <marcxml:subfield code="a">Sex</marcxml:subfield>
    <marcxml:subfield code="v">Comic books, strips, etc.</marcxml:subfield>
  </marcxml:datafield>
  <marcxml:datafield ind1=" " ind2="0" tag="650">
    <marcxml:subfield code="a">Gender identity</marcxml:subfield>
    <marcxml:subfield code="v">Comic books, strips, etc.</marcxml:subfield>
  </marcxml:datafield>
  <marcxml:datafield ind1="1" ind2=" " tag="700">
    <marcxml:subfield code="a">Nolan, Matthew</marcxml:subfield>
    <marcxml:subfield code="c">(Comic book artist),</marcxml:subfield>
    <marcxml:subfield code="e">author.</marcxml:subfield>
  </marcxml:datafield>
</marcxml:record>
